@article{fan2013making,
  title={Making queries tractable on big data with preprocessing: through the eyes of complexity theory},
  author={Wenfei Fan and Floris Geerts and Frank Neven},
  journal={PVLDB},
  volume={6},
  number={9},
  pages={685--696},
  year={2013}
}

@inproceedings{dwork2012privacy,
  title={The privacy of the analyst and the power of the state},
  author={Cynthia Dwork and Moni Naor and Salil Vadhan},
  booktitle={Proceedings of the 53rd Annual Symposium on Foundations of Computer Science},
  pages={400--409},
  year={2012},
  organization={IEEE}
}

@article{gray2013consensus,
title={Consensus on transaction commit},
author={Jim Gray and Leslie Lamport},
journal={ACM Trans. Database Syst.},
volume={31},
number={1},
pages={133--160},
year={2013}
}

@book{cormen2009introduction,
  title={Introduction to Algorithms},
  author={Thomas H. Cormen and Charles E. Leiserson and Ronald L. Rivest and Clifford Stein},
  year={2009},
  publisher={MIT Press}
}

